% This file was created with JabRef 2.4.2.
% Encoding: UTF8

@ARTICLE{Soderblom2010,
  author = {David R. Soderblom},
  title = {The Ages of Stars},
  journal = {Annual Reviews of Astronomy and Astrophysics},
  year = {2010},
  timestamp = {2010.03.31}
}

@ARTICLE{Angus2019,
  author = {Ruth Angus, Timothy D. Morton, Daniel Foreman-Mackey, Jennifer van Saders, Jason Curtis, Stephen R. Kane, Megan Bedell, Rocio Kiman, David W. Hogg and John Brewer},
  title = {Toward Precise Stellar Ages: Combining Isochrone Fitting with Empirical Gyrochronology},
  journal = {The Astronomical Journal},
  year = {2019},
  timestamp = {2019.10.10}
}

@ARTICLE{Das2018,
  author = {Payel Das and Jason L. Sanders},
  title = {MADE: a spectroscopic mass, age, and distance estimator for red giant stars with Bayesian machine learning},
  journal = {Monthly Notices of the Royal Astronomical Society},
  year = {2018},
  timestamp = {2018.10.26}
}

@ARTICLE{Chelsea2017,
  author = {Chelsea Finn, Pieter Abbeel and Sergey Levine},
  title = {Model-Agnostic Meta-Learning for Fast Adaptation of Deep Networks},
  year = {2017},
  timestamp = {2017.07.18}
}

@ARTICLE{Kaiser2017,
  author = {Lukasz Kaiser, Ofir Nachum, Aurko Roy and Samy Bengio},
  title = {Learning to Remember Rare Events},
  journal = {International Conference on Learning Representations 2017},
  year = {2017},
  timestamp = {2017.03.09}
}

@ARTICLE{Angus2019,
  author = {Ruth Angus},
  title = {stardate Documentation},
  year = {2019},
  timestamp = {2019.09.16}
}

@comment{jabref-meta: selector_publisher:}

@comment{jabref-meta: selector_author:}

@comment{jabref-meta: selector_journal:}

@comment{jabref-meta: selector_keywords:}

