% This file was created with JabRef 2.5.
% Encoding: UTF-8


@ARTICLE{Barnes03,
       author = {{Barnes}, Sydney A.},
        title = "{On the Rotational Evolution of Solar- and Late-Type Stars, Its Magnetic Origins, and the Possibility of Stellar Gyrochronology}",
      journal = {\apj},
     keywords = {Galaxy: Open Clusters and Associations: General, Stars: Evolution, Stars: Interiors, Stars: Late-Type, Stars: Magnetic Fields, Stars: Rotation, Astrophysics},
         year = 2003,
        month = mar,
       volume = {586},
       number = {1},
        pages = {464-479},
          doi = {10.1086/367639},
archivePrefix = {arXiv},
       eprint = {astro-ph/0303631},
 primaryClass = {astro-ph},
       adsurl = {https://ui.adsabs.harvard.edu/abs/2003ApJ...586..464B},
      adsnote = {Provided by the SAO/NASA Astrophysics Data System}
}

@ARTICLE{Barnes07,
       author = {{Barnes}, Sydney A.},
        title = "{Ages for Illustrative Field Stars Using Gyrochronology: Viability, Limitations, and Errors}",
      journal = {\apj},
     keywords = {Galaxy: Open Clusters and Associations: General, Stars: Activity, Stars: Evolution, Stars: Late-Type, Stars: Magnetic Fields, Stars: Rotation, Astrophysics},
         year = 2007,
        month = nov,
       volume = {669},
       number = {2},
        pages = {1167-1189},
          doi = {10.1086/519295},
archivePrefix = {arXiv},
       eprint = {0704.3068},
 primaryClass = {astro-ph},
       adsurl = {https://ui.adsabs.harvard.edu/abs/2007ApJ...669.1167B},
      adsnote = {Provided by the SAO/NASA Astrophysics Data System}
}

@ARTICLE{MH,
       author = {{Mamajek}, Eric E. and {Hillenbrand}, Lynne A.},
        title = "{Improved Age Estimation for Solar-Type Dwarfs Using Activity-Rotation Diagnostics}",
      journal = {\apj},
     keywords = {stars: activity, stars: chromospheres, stars: coronae, stars: fundamental parameters, stars: rotation, X-rays: stars, Astrophysics},
         year = 2008,
        month = nov,
       volume = {687},
       number = {2},
        pages = {1264-1293},
          doi = {10.1086/591785},
archivePrefix = {arXiv},
       eprint = {0807.1686},
 primaryClass = {astro-ph},
       adsurl = {https://ui.adsabs.harvard.edu/abs/2008ApJ...687.1264M},
      adsnote = {Provided by the SAO/NASA Astrophysics Data System}
}

@ARTICLE{Barnes10,
       author = {{Barnes}, Sydney A.},
        title = "{A Simple Nonlinear Model for the Rotation of Main-sequence Cool Stars. I. Introduction, Implications for Gyrochronology, and Color-Period Diagrams}",
      journal = {\apj},
     keywords = {convection, methods: analytical, open clusters and associations: general, stars: evolution, stars: late-type, stars: rotation},
         year = 2010,
        month = oct,
       volume = {722},
       number = {1},
        pages = {222-234},
          doi = {10.1088/0004-637X/722/1/222},
       adsurl = {https://ui.adsabs.harvard.edu/abs/2010ApJ...722..222B},
      adsnote = {Provided by the SAO/NASA Astrophysics Data System}
}

@ARTICLE{Angus15,
       author = {{Angus}, Ruth and {Aigrain}, Suzanne and {Foreman-Mackey}, Daniel and {McQuillan}, Amy},
        title = "{Calibrating gyrochronology using Kepler asteroseismic targets}",
      journal = {\mnras},
     keywords = {methods: statistical, stars: evolution, stars: fundamental parameters, stars: oscillations, stars: rotation, stars: solar-type, Astrophysics - Earth and Planetary Astrophysics, Astrophysics - Solar and Stellar Astrophysics},
         year = 2015,
        month = jun,
       volume = {450},
       number = {2},
        pages = {1787-1798},
          doi = {10.1093/mnras/stv423},
archivePrefix = {arXiv},
       eprint = {1502.06965},
 primaryClass = {astro-ph.EP},
       adsurl = {https://ui.adsabs.harvard.edu/abs/2015MNRAS.450.1787A},
      adsnote = {Provided by the SAO/NASA Astrophysics Data System}
}

@ARTICLE{Kraft67,
       author = {{Kraft}, Robert P.},
        title = "{Studies of Stellar Rotation. V. The Dependence of Rotation on Age among Solar-Type Stars}",
      journal = {\apj},
         year = 1967,
        month = nov,
       volume = {150},
        pages = {551},
          doi = {10.1086/149359},
       adsurl = {https://ui.adsabs.harvard.edu/abs/1967ApJ...150..551K},
      adsnote = {Provided by the SAO/NASA Astrophysics Data System}
}

@ARTICLE{Zorec12,
       author = {{Zorec}, J. and {Royer}, F.},
        title = "{Rotational velocities of A-type stars. IV. Evolution of rotational velocities}",
      journal = {\aap},
     keywords = {stars: early-type, stars: rotation, stars: evolution, Astrophysics - Solar and Stellar Astrophysics},
         year = 2012,
        month = jan,
       volume = {537},
          eid = {A120},
        pages = {A120},
          doi = {10.1051/0004-6361/201117691},
archivePrefix = {arXiv},
       eprint = {1201.2052},
 primaryClass = {astro-ph.SR},
       adsurl = {https://ui.adsabs.harvard.edu/abs/2012A&A...537A.120Z},
      adsnote = {Provided by the SAO/NASA Astrophysics Data System}
}

@ARTICLE{Balona17,
       author = {{Balona}, L.~A.},
        title = "{Starspots on A stars}",
      journal = {\mnras},
     keywords = {stars: rotation, starspots},
         year = 2017,
        month = may,
       volume = {467},
       number = {2},
        pages = {1830-1837},
          doi = {10.1093/mnras/stx265},
       adsurl = {https://ui.adsabs.harvard.edu/abs/2017MNRAS.467.1830B},
      adsnote = {Provided by the SAO/NASA Astrophysics Data System}
}

@ARTICLE{Curtis19,
       author = {{Curtis}, Jason L. and {Ag{\"u}eros}, Marcel A. and {Mamajek}, Eric E. and {Wright}, Jason T. and {Cummings}, Jeffrey D.},
        title = "{TESS Reveals that the Nearby Pisces-Eridanus Stellar Stream is only 120 Myr Old}",
      journal = {\aj},
     keywords = {open clusters and associations: individual: Piscesâ”€Eridanus Stream, Pleiades, Praesepe, NGC 6811, stars: evolution, stars: individual: HD 1160 B, TOI 451, stars: rotation, Astrophysics - Solar and Stellar Astrophysics},
         year = 2019,
        month = aug,
       volume = {158},
       number = {2},
          eid = {77},
        pages = {77},
          doi = {10.3847/1538-3881/ab2899},
archivePrefix = {arXiv},
       eprint = {1905.10588},
 primaryClass = {astro-ph.SR},
       adsurl = {https://ui.adsabs.harvard.edu/abs/2019AJ....158...77C},
      adsnote = {Provided by the SAO/NASA Astrophysics Data System}
}

@ARTICLE{Saders16,
       author = {{van Saders}, Jennifer L. and {Ceillier}, Tugdual and {Metcalfe}, Travis S. and {Silva Aguirre}, Victor and {Pinsonneault}, Marc H. and {Garc{\'\i}a}, Rafael A. and {Mathur}, Savita and {Davies}, Guy R.},
        title = "{Weakened magnetic braking as the origin of anomalously rapid rotation in old field stars}",
      journal = {\nat},
     keywords = {Astrophysics - Solar and Stellar Astrophysics},
         year = 2016,
        month = jan,
       volume = {529},
       number = {7585},
        pages = {181-184},
          doi = {10.1038/nature16168},
archivePrefix = {arXiv},
       eprint = {1601.02631},
 primaryClass = {astro-ph.SR},
       adsurl = {https://ui.adsabs.harvard.edu/abs/2016Natur.529..181V},
      adsnote = {Provided by the SAO/NASA Astrophysics Data System}
}

@ARTICLE{Saders13,
       author = {{van Saders}, Jennifer L. and {Pinsonneault}, Marc H.},
        title = "{Fast Star, Slow Star; Old Star, Young Star: Subgiant Rotation as a Population and Stellar Physics Diagnostic}",
      journal = {\apj},
     keywords = {stars: evolution, stars: fundamental parameters, stars: interiors, stars: rotation, Astrophysics - Solar and Stellar Astrophysics},
         year = 2013,
        month = oct,
       volume = {776},
       number = {2},
          eid = {67},
        pages = {67},
          doi = {10.1088/0004-637X/776/2/67},
archivePrefix = {arXiv},
       eprint = {1306.3701},
 primaryClass = {astro-ph.SR},
       adsurl = {https://ui.adsabs.harvard.edu/abs/2013ApJ...776...67V},
      adsnote = {Provided by the SAO/NASA Astrophysics Data System}
}

@ARTICLE{Gordon21,
       author = {{Gordon}, Tyler A. and {Davenport}, James R.~A. and {Angus}, Ruth and {Foreman-Mackey}, Daniel and {Agol}, Eric and {Covey}, Kevin R. and {Ag{\"u}eros}, Marcel and {Kipping}, David},
        title = "{Stellar Rotation in the K2 Sample: Evidence for Broken Spindown}",
      journal = {arXiv e-prints},
     keywords = {Astrophysics - Solar and Stellar Astrophysics},
         year = 2021,
        month = jan,
          eid = {arXiv:2101.07886},
        pages = {arXiv:2101.07886},
archivePrefix = {arXiv},
       eprint = {2101.07886},
 primaryClass = {astro-ph.SR},
       adsurl = {https://ui.adsabs.harvard.edu/abs/2021arXiv210107886G},
      adsnote = {Provided by the SAO/NASA Astrophysics Data System}
}

@ARTICLE{Kitchatinov17,
       author = {{Kitchatinov}, Leonid and {Nepomnyashchikh}, Alexander},
        title = "{How supercritical are stellar dynamos, or why do old main-sequence dwarfs not obey gyrochronology?}",
      journal = {\mnras},
     keywords = {dynamo, stars: late type, stars: magnetic field, stars: rotation, Astrophysics - Solar and Stellar Astrophysics},
         year = 2017,
        month = sep,
       volume = {470},
       number = {3},
        pages = {3124-3130},
          doi = {10.1093/mnras/stx1473},
archivePrefix = {arXiv},
       eprint = {1706.02814},
 primaryClass = {astro-ph.SR},
       adsurl = {https://ui.adsabs.harvard.edu/abs/2017MNRAS.470.3124K},
      adsnote = {Provided by the SAO/NASA Astrophysics Data System}
}

@ARTICLE{Metcalfe19,
       author = {{Metcalfe}, Travis S. and {Egeland}, Ricky},
        title = "{Understanding the Limitations of Gyrochronology for Old Field Stars}",
      journal = {\apj},
     keywords = {stars: activity, stars: evolution, stars: magnetic field, stars: rotation, stars: solar-type, Astrophysics - Solar and Stellar Astrophysics, Astrophysics - Earth and Planetary Astrophysics},
         year = 2019,
        month = jan,
       volume = {871},
       number = {1},
          eid = {39},
        pages = {39},
          doi = {10.3847/1538-4357/aaf575},
archivePrefix = {arXiv},
       eprint = {1811.11905},
 primaryClass = {astro-ph.SR},
       adsurl = {https://ui.adsabs.harvard.edu/abs/2019ApJ...871...39M},
      adsnote = {Provided by the SAO/NASA Astrophysics Data System}
}

@ARTICLE{Metcalfe17,
       author = {{Metcalfe}, Travis S. and {van Saders}, Jennifer},
        title = "{Magnetic Evolution and the Disappearance of Sun-Like Activity Cycles}",
      journal = {\solphys},
     keywords = {Magnetic fields, chromosphere, Rotation, Solar cycle, observations, Astrophysics - Solar and Stellar Astrophysics},
         year = 2017,
        month = sep,
       volume = {292},
       number = {9},
          eid = {126},
        pages = {126},
          doi = {10.1007/s11207-017-1157-5},
archivePrefix = {arXiv},
       eprint = {1705.09668},
 primaryClass = {astro-ph.SR},
       adsurl = {https://ui.adsabs.harvard.edu/abs/2017SoPh..292..126M},
      adsnote = {Provided by the SAO/NASA Astrophysics Data System}
}

@ARTICLE{Saders19,
       author = {{van Saders}, Jennifer L. and {Pinsonneault}, Marc H. and {Barbieri}, Mauro},
        title = "{Forward Modeling of the Kepler Stellar Rotation Period Distribution: Interpreting Periods from Mixed and Biased Stellar Populations}",
      journal = {\apj},
     keywords = {stars: evolution, stars: fundamental parameters, stars: magnetic field, stars: rotation, stars: solar-type, Astrophysics - Solar and Stellar Astrophysics},
         year = 2019,
        month = feb,
       volume = {872},
       number = {2},
          eid = {128},
        pages = {128},
          doi = {10.3847/1538-4357/aafafe},
archivePrefix = {arXiv},
       eprint = {1803.04971},
 primaryClass = {astro-ph.SR},
       adsurl = {https://ui.adsabs.harvard.edu/abs/2019ApJ...872..128V},
      adsnote = {Provided by the SAO/NASA Astrophysics Data System}
}

@ARTICLE{Barnes16,
       author = {{Barnes}, Sydney A. and {Weingrill}, Joerg and {Fritzewski}, Dario and {Strassmeier}, Klaus G. and {Platais}, Imants},
        title = "{Rotation Periods for Cool Stars in the 4 Gyr old Open Cluster M67, The Solar-Stellar Connection, and the Applicability of Gyrochronology to at least Solar Age}",
      journal = {\apj},
     keywords = {open clusters and associations: individual: M67, NGC 2682, stars: activity, stars: evolution, stars: rotation, stars: solar-type, starspots, Astrophysics - Solar and Stellar Astrophysics},
         year = 2016,
        month = may,
       volume = {823},
       number = {1},
          eid = {16},
        pages = {16},
          doi = {10.3847/0004-637X/823/1/16},
archivePrefix = {arXiv},
       eprint = {1603.09179},
 primaryClass = {astro-ph.SR},
       adsurl = {https://ui.adsabs.harvard.edu/abs/2016ApJ...823...16B},
      adsnote = {Provided by the SAO/NASA Astrophysics Data System}
}

@ARTICLE{Oliveira19,
       author = {{Lorenzo-Oliveira}, Diego and {Mel{\'e}ndez}, Jorge and {Yana Galarza}, Jhon and {Ponte}, Geisa and {dos Santos}, Leonardo A. and {Spina}, Lorenzo and {Bedell}, Megan and {Ram{\'\i}rez}, Iv{\'a}n and {Bean}, Jacob L. and {Asplund}, Martin},
        title = "{Constraining the evolution of stellar rotation using solar twins}",
      journal = {\mnras},
     keywords = {Sun: rotation, stars: fundamental parameters, stars: rotation, stars: solar-type, Astrophysics - Solar and Stellar Astrophysics},
         year = 2019,
        month = may,
       volume = {485},
       number = {1},
        pages = {L68-L72},
          doi = {10.1093/mnrasl/slz034},
archivePrefix = {arXiv},
       eprint = {1903.02630},
 primaryClass = {astro-ph.SR},
       adsurl = {https://ui.adsabs.harvard.edu/abs/2019MNRAS.485L..68L},
      adsnote = {Provided by the SAO/NASA Astrophysics Data System}
}

@ARTICLE{stardate,
    author = {Angus, Ruth and Morton, Timothy~D. and  Foreman-Mackey, Daniel.},
    title = {stardate: Combining dating methods for better stellar ages},
    journal = {Journal of Open Source Software},
    volume = {41},
    number = {4},
    pages = {1469},
    year = {2019}
}

@ARTICLE{Angus19,
       author = {{Angus}, Ruth and {Morton}, Timothy D. and {Foreman-Mackey}, Daniel and {van Saders}, Jennifer and {Curtis}, Jason and {Kane}, Stephen R. and {Bedell}, Megan and {Kiman}, Rocio and {Hogg}, David W. and {Brewer}, John},
        title = "{Toward Precise Stellar Ages: Combining Isochrone Fitting with Empirical Gyrochronology}",
      journal = {\aj},
     keywords = {Hertzsprungâ”€Russell and Câ”€M diagrams, methods: statistical, stars: evolution, stars: fundamental parameters, stars: low-mass, stars: rotation, Astrophysics - Solar and Stellar Astrophysics, Astrophysics - Earth and Planetary Astrophysics},
         year = 2019,
        month = nov,
       volume = {158},
       number = {5},
          eid = {173},
        pages = {173},
          doi = {10.3847/1538-3881/ab3c53},
archivePrefix = {arXiv},
       eprint = {1908.07528},
 primaryClass = {astro-ph.SR},
       adsurl = {https://ui.adsabs.harvard.edu/abs/2019AJ....158..173A},
      adsnote = {Provided by the SAO/NASA Astrophysics Data System}
}

@ARTICLE{das2018,
    author = {Das, Payel and Sanders, Jason L},
    title = "{MADE: a spectroscopic mass, age, and distance estimator for red giant stars with 		Bayesian machine learning}",
    journal = {Monthly Notices of the Royal Astronomical Society},
    volume = {484},
    number = {1},
    pages = {294-304},
    year = {2018},
    month = {10},
    issn = {0035-8711},
    doi = {10.1093/mnras/sty2776}
}

@ARTICLE{sanders2018,
    author = {Sanders, Jason L and Das, Payel},
    title = "{Isochrone ages for $\sim3$ million stars with the second Gaia data release}",
    journal = {Monthly Notices of the Royal Astronomical Society},
    volume = {481},
    number = {3},
    pages = {4093-4110},
    year = {2018},
    issn = {0035-8711},
    doi = {10.1093/mnras/sty2490}
}

@ARTICLE{Serenelli17,
       author = {{Serenelli}, Aldo and {Johnson}, Jennifer and {Huber}, Daniel and {Pinsonneault}, Marc and {Ball}, Warrick H. and {Tayar}, Jamie and {Silva Aguirre}, Victor and {Basu}, Sarbani and {Troup}, Nicholas and {Hekker}, Saskia and {Kallinger}, Thomas and {Stello}, Dennis and {Davies}, Guy R. and {Lund}, Mikkel N. and {Mathur}, Savita and {Mosser}, Benoit and {Stassun}, Keivan G. and {Chaplin}, William J. and {Elsworth}, Yvonne and {Garc{\'\i}a}, Rafael A. and {Handberg}, Rasmus and {Holtzman}, Jon and {Hearty}, Fred and {Garc{\'\i}a-Hern{\'a}ndez}, D.~A. and {Gaulme}, Patrick and {Zamora}, Olga},
        title = "{The First APOKASC Catalog of Kepler Dwarf and Subgiant Stars}",
      journal = {\apjs},
     keywords = {asteroseismology, catalogs, stars: fundamental parameters, surveys, Astrophysics - Solar and Stellar Astrophysics},
         year = 2017,
        month = dec,
       volume = {233},
       number = {2},
          eid = {23},
        pages = {23},
          doi = {10.3847/1538-4365/aa97df},
archivePrefix = {arXiv},
       eprint = {1710.06858},
 primaryClass = {astro-ph.SR},
       adsurl = {https://ui.adsabs.harvard.edu/abs/2017ApJS..233...23S},
      adsnote = {Provided by the SAO/NASA Astrophysics Data System}
}

@ARTICLE{Ceillier16,
       author = {{Ceillier}, T. and {van Saders}, J. and {Garc{\'\i}a}, R.~A. and {Metcalfe}, T.~S. and {Creevey}, O. and {Mathis}, S. and {Mathur}, S. and {Pinsonneault}, M.~H. and {Salabert}, D. and {Tayar}, J.},
        title = "{Rotation periods and seismic ages of KOIs - comparison with stars without detected planets from Kepler observations}",
      journal = {\mnras},
     keywords = {planet-star interactions, stars: evolution, stars: oscillations, stars: rotation, Astrophysics - Solar and Stellar Astrophysics},
         year = 2016,
        month = feb,
       volume = {456},
       number = {1},
        pages = {119-125},
          doi = {10.1093/mnras/stv2622},
archivePrefix = {arXiv},
       eprint = {1510.09023},
 primaryClass = {astro-ph.SR},
       adsurl = {https://ui.adsabs.harvard.edu/abs/2016MNRAS.456..119C},
      adsnote = {Provided by the SAO/NASA Astrophysics Data System}
}

@ARTICLE{Garcia14,
       author = {{Garc{\'\i}a}, R.~A. and {Ceillier}, T. and {Salabert}, D. and {Mathur}, S. and {van Saders}, J.~L. and {Pinsonneault}, M. and {Ballot}, J. and {Beck}, P.~G. and {Bloemen}, S. and {Campante}, T.~L. and {Davies}, G.~R. and {do Nascimento}, J. -D., Jr. and {Mathis}, S. and {Metcalfe}, T.~S. and {Nielsen}, M.~B. and {Su{\'a}rez}, J.~C. and {Chaplin}, W.~J. and {Jim{\'e}nez}, A. and {Karoff}, C.},
        title = "{Rotation and magnetism of Kepler pulsating solar-like stars. Towards asteroseismically calibrated age-rotation relations}",
      journal = {\aap},
     keywords = {asteroseismology, stars: activity, stars: rotation, stars: solar-type, stars: evolution, stars: oscillations, Astrophysics - Solar and Stellar Astrophysics},
         year = 2014,
        month = dec,
       volume = {572},
          eid = {A34},
        pages = {A34},
          doi = {10.1051/0004-6361/201423888},
archivePrefix = {arXiv},
       eprint = {1403.7155},
 primaryClass = {astro-ph.SR},
       adsurl = {https://ui.adsabs.harvard.edu/abs/2014A&A...572A..34G},
      adsnote = {Provided by the SAO/NASA Astrophysics Data System}
}

@ARTICLE{Silva15,
       author = {{Silva Aguirre}, V. and {Davies}, G.~R. and {Basu}, S. and {Christensen-Dalsgaard}, J. and {Creevey}, O. and {Metcalfe}, T.~S. and {Bedding}, T.~R. and {Casagrande}, L. and {Handberg}, R. and {Lund}, M.~N. and {Nissen}, P.~E. and {Chaplin}, W.~J. and {Huber}, D. and {Serenelli}, A.~M. and {Stello}, D. and {Van Eylen}, V. and {Campante}, T.~L. and {Elsworth}, Y. and {Gilliland}, R.~L. and {Hekker}, S. and {Karoff}, C. and {Kawaler}, S.~D. and {Kjeldsen}, H. and {Lundkvist}, M.~S.},
        title = "{Ages and fundamental properties of Kepler exoplanet host stars from asteroseismology}",
      journal = {\mnras},
     keywords = {asteroseismology, planets and satellites: fundamental parameters, stars: evolution, stars: fundamental parameters, stars: oscillations, planetary systems, Astrophysics - Solar and Stellar Astrophysics, Astrophysics - Earth and Planetary Astrophysics},
         year = 2015,
        month = sep,
       volume = {452},
       number = {2},
        pages = {2127-2148},
          doi = {10.1093/mnras/stv1388},
archivePrefix = {arXiv},
       eprint = {1504.07992},
 primaryClass = {astro-ph.SR},
       adsurl = {https://ui.adsabs.harvard.edu/abs/2015MNRAS.452.2127S},
      adsnote = {Provided by the SAO/NASA Astrophysics Data System}
}

@ARTICLE{Silva17,
       author = {{Silva Aguirre}, V{\'\i}ctor and {Lund}, Mikkel N. and {Antia}, H.~M. and {Ball}, Warrick H. and {Basu}, Sarbani and {Christensen-Dalsgaard}, J{\o}rgen and {Lebreton}, Yveline and {Reese}, Daniel R. and {Verma}, Kuldeep and {Casagrande}, Luca and {Justesen}, Anders B. and {Mosumgaard}, Jakob R. and {Chaplin}, William J. and {Bedding}, Timothy R. and {Davies}, Guy R. and {Handberg}, Rasmus and {Houdek}, G{\"u}nter and {Huber}, Daniel and {Kjeldsen}, Hans and {Latham}, David W. and {White}, Timothy R. and {Coelho}, Hugo R. and {Miglio}, Andrea and {Rendle}, Ben},
        title = "{Standing on the Shoulders of Dwarfs: the Kepler Asteroseismic LEGACY Sample. II.Radii, Masses, and Ages}",
      journal = {\apj},
     keywords = {asteroseismology, stars: fundamental parameters, stars: oscillations, Astrophysics - Solar and Stellar Astrophysics},
         year = 2017,
        month = feb,
       volume = {835},
       number = {2},
          eid = {173},
        pages = {173},
          doi = {10.3847/1538-4357/835/2/173},
archivePrefix = {arXiv},
       eprint = {1611.08776},
 primaryClass = {astro-ph.SR},
       adsurl = {https://ui.adsabs.harvard.edu/abs/2017ApJ...835..173S},
      adsnote = {Provided by the SAO/NASA Astrophysics Data System}
}

@ARTICLE{Garcia14,
       author = {{Garc{\'\i}a}, R.~A. and {Ceillier}, T. and {Salabert}, D. and {Mathur}, S. and {van Saders}, J.~L. and {Pinsonneault}, M. and {Ballot}, J. and {Beck}, P.~G. and {Bloemen}, S. and {Campante}, T.~L. and {Davies}, G.~R. and {do Nascimento}, J. -D., Jr. and {Mathis}, S. and {Metcalfe}, T.~S. and {Nielsen}, M.~B. and {Su{\'a}rez}, J.~C. and {Chaplin}, W.~J. and {Jim{\'e}nez}, A. and {Karoff}, C.},
        title = "{Rotation and magnetism of Kepler pulsating solar-like stars. Towards asteroseismically calibrated age-rotation relations}",
      journal = {\aap},
     keywords = {asteroseismology, stars: activity, stars: rotation, stars: solar-type, stars: evolution, stars: oscillations, Astrophysics - Solar and Stellar Astrophysics},
         year = 2014,
        month = dec,
       volume = {572},
          eid = {A34},
        pages = {A34},
          doi = {10.1051/0004-6361/201423888},
archivePrefix = {arXiv},
       eprint = {1403.7155},
 primaryClass = {astro-ph.SR},
       adsurl = {https://ui.adsabs.harvard.edu/abs/2014A&A...572A..34G},
      adsnote = {Provided by the SAO/NASA Astrophysics Data System}
}

@ARTICLE{Mazeh15,
       author = {{Mazeh}, Tsevi and {Perets}, Hagai B. and {McQuillan}, Amy and {Goldstein}, Eyal S.},
        title = "{Photometric Amplitude Distribution of Stellar Rotation of KOIs{\textemdash}Indication for Spin-Orbit Alignment of Cool Stars and High Obliquity for Hot Stars}",
      journal = {\apj},
     keywords = {methods: observational, planets and satellites: dynamical evolution and stability, planet-star interactions, stars: rotation, Astrophysics - Earth and Planetary Astrophysics},
         year = 2015,
        month = mar,
       volume = {801},
       number = {1},
          eid = {3},
        pages = {3},
          doi = {10.1088/0004-637X/801/1/3},
archivePrefix = {arXiv},
       eprint = {1501.01288},
 primaryClass = {astro-ph.EP},
       adsurl = {https://ui.adsabs.harvard.edu/abs/2015ApJ...801....3M},
      adsnote = {Provided by the SAO/NASA Astrophysics Data System}
}

@ARTICLE{McQuillan13a,
       author = {{McQuillan}, A. and {Mazeh}, T. and {Aigrain}, S.},
        title = "{Stellar Rotation Periods of the Kepler Objects of Interest: A Dearth of Close-in Planets around Fast Rotators}",
      journal = {\apjl},
     keywords = {methods: observational, planets and satellites: dynamical evolution and stability, planet-star interactions, stars: rotation, Astrophysics - Earth and Planetary Astrophysics, Astrophysics - Solar and Stellar Astrophysics},
         year = 2013,
        month = sep,
       volume = {775},
       number = {1},
          eid = {L11},
        pages = {L11},
          doi = {10.1088/2041-8205/775/1/L11},
archivePrefix = {arXiv},
       eprint = {1308.1845},
 primaryClass = {astro-ph.EP},
       adsurl = {https://ui.adsabs.harvard.edu/abs/2013ApJ...775L..11M},
      adsnote = {Provided by the SAO/NASA Astrophysics Data System}
}

@ARTICLE{McQuillan14,
       author = {{McQuillan}, A. and {Mazeh}, T. and {Aigrain}, S.},
        title = "{Rotation Periods of 34,030 Kepler Main-sequence Stars: The Full Autocorrelation Sample}",
      journal = {\apjs},
     keywords = {catalogs, methods: data analysis, methods: observational, stars: activity, stars: low-mass, stars: rotation, techniques: photometric, Astrophysics - Solar and Stellar Astrophysics},
         year = 2014,
        month = apr,
       volume = {211},
       number = {2},
          eid = {24},
        pages = {24},
          doi = {10.1088/0067-0049/211/2/24},
archivePrefix = {arXiv},
       eprint = {1402.5694},
 primaryClass = {astro-ph.SR},
       adsurl = {https://ui.adsabs.harvard.edu/abs/2014ApJS..211...24M},
      adsnote = {Provided by the SAO/NASA Astrophysics Data System}
}

@ARTICLE{Nielsen13,
       author = {{Nielsen}, M.~B. and {Gizon}, L. and {Schunker}, H. and {Karoff}, C.},
        title = "{Rotation periods of 12 000 main-sequence Kepler stars: Dependence on stellar spectral type and comparison with v sin i observations}",
      journal = {\aap},
     keywords = {stars: rotation, starspots, stars: late-type, Astrophysics - Solar and Stellar Astrophysics},
         year = 2013,
        month = sep,
       volume = {557},
          eid = {L10},
        pages = {L10},
          doi = {10.1051/0004-6361/201321912},
archivePrefix = {arXiv},
       eprint = {1305.5721},
 primaryClass = {astro-ph.SR},
       adsurl = {https://ui.adsabs.harvard.edu/abs/2013A&A...557L..10N},
      adsnote = {Provided by the SAO/NASA Astrophysics Data System}
}

@ARTICLE{Reinhold13,
       author = {{Reinhold}, Timo and {Reiners}, Ansgar and {Basri}, Gibor},
        title = "{Rotation and differential rotation of active Kepler stars}",
      journal = {\aap},
     keywords = {stars: activity, stars: rotation, starspots, Astrophysics - Solar and Stellar Astrophysics},
         year = 2013,
        month = dec,
       volume = {560},
          eid = {A4},
        pages = {A4},
          doi = {10.1051/0004-6361/201321970},
archivePrefix = {arXiv},
       eprint = {1308.1508},
 primaryClass = {astro-ph.SR},
       adsurl = {https://ui.adsabs.harvard.edu/abs/2013A&A...560A...4R},
      adsnote = {Provided by the SAO/NASA Astrophysics Data System}
}

@ARTICLE{Barnes16,
       author = {{Barnes}, Sydney A. and {Weingrill}, Joerg and {Fritzewski}, Dario and {Strassmeier}, Klaus G. and {Platais}, Imants},
        title = "{Rotation Periods for Cool Stars in the 4 Gyr old Open Cluster M67, The Solar-Stellar Connection, and the Applicability of Gyrochronology to at least Solar Age}",
      journal = {\apj},
     keywords = {open clusters and associations: individual: M67, NGC 2682, stars: activity, stars: evolution, stars: rotation, stars: solar-type, starspots, Astrophysics - Solar and Stellar Astrophysics},
         year = 2016,
        month = may,
       volume = {823},
       number = {1},
          eid = {16},
        pages = {16},
          doi = {10.3847/0004-637X/823/1/16},
archivePrefix = {arXiv},
       eprint = {1603.09179},
 primaryClass = {astro-ph.SR},
       adsurl = {https://ui.adsabs.harvard.edu/abs/2016ApJ...823...16B},
      adsnote = {Provided by the SAO/NASA Astrophysics Data System}
}

@ARTICLE{Gonzalez16,
       author = {{Gonzalez}, Guillermo},
        title = "{Variability among stars in the M 67 field from Kepler/K2-Campaign-5 light curves}",
      journal = {\mnras},
     keywords = {techniques: photometric, stars: rotation, stars: variables: general, open clusters and associations: individual: M 67, Astrophysics - Solar and Stellar Astrophysics},
         year = 2016,
        month = jun,
       volume = {459},
       number = {1},
        pages = {1060-1068},
          doi = {10.1093/mnras/stw700},
archivePrefix = {arXiv},
       eprint = {1603.06638},
 primaryClass = {astro-ph.SR},
       adsurl = {https://ui.adsabs.harvard.edu/abs/2016MNRAS.459.1060G},
      adsnote = {Provided by the SAO/NASA Astrophysics Data System}
}

@ARTICLE{Meibom11,
       author = {{Meibom}, S{\o}ren and {Barnes}, Sydney A. and {Latham}, David W. and {Batalha}, Natalie and {Borucki}, William J. and {Koch}, David G. and {Basri}, Gibor and {Walkowicz}, Lucianne M. and {Janes}, Kenneth A. and {Jenkins}, Jon and {Van Cleve}, Jeffrey and {Haas}, Michael R. and {Bryson}, Stephen T. and {Dupree}, Andrea K. and {Furesz}, Gabor and {Szentgyorgyi}, Andrew H. and {Buchhave}, Lars A. and {Clarke}, Bruce D. and {Twicken}, Joseph D. and {Quintana}, Elisa V.},
        title = "{The Kepler Cluster Study: Stellar Rotation in NGC 6811}",
      journal = {\apjl},
     keywords = {open clusters and associations: individual: NGC 6811, stars: activity, stars: late-type, starspots, stars: rotation, Astrophysics - Solar and Stellar Astrophysics},
         year = 2011,
        month = may,
       volume = {733},
       number = {1},
          eid = {L9},
        pages = {L9},
          doi = {10.1088/2041-8205/733/1/L9},
archivePrefix = {arXiv},
       eprint = {1104.2912},
 primaryClass = {astro-ph.SR},
       adsurl = {https://ui.adsabs.harvard.edu/abs/2011ApJ...733L...9M},
      adsnote = {Provided by the SAO/NASA Astrophysics Data System}
}

@ARTICLE{Meibom15,
       author = {{Meibom}, S{\o}ren and {Barnes}, Sydney A. and {Platais}, Imants and {Gilliland}, Ronald L. and {Latham}, David W. and {Mathieu}, Robert D.},
        title = "{A spin-down clock for cool stars from observations of a 2.5-billion-year-old cluster}",
      journal = {\nat},
     keywords = {Astrophysics - Solar and Stellar Astrophysics},
         year = 2015,
        month = jan,
       volume = {517},
       number = {7536},
        pages = {589-591},
          doi = {10.1038/nature14118},
archivePrefix = {arXiv},
       eprint = {1501.05651},
 primaryClass = {astro-ph.SR},
       adsurl = {https://ui.adsabs.harvard.edu/abs/2015Natur.517..589M},
      adsnote = {Provided by the SAO/NASA Astrophysics Data System}
}

@ARTICLE{Rebull17,
       author = {{Rebull}, L.~M. and {Stauffer}, J.~R. and {Hillenbrand}, L.~A. and {Cody}, A.~M. and {Bouvier}, J. and {Soderblom}, D.~R. and {Pinsonneault}, M. and {Hebb}, L.},
        title = "{Rotation of Late-type Stars in Praesepe with K2}",
      journal = {\apj},
     keywords = {stars: rotation, stars: variables: general, Astrophysics - Solar and Stellar Astrophysics},
         year = 2017,
        month = apr,
       volume = {839},
       number = {2},
          eid = {92},
        pages = {92},
          doi = {10.3847/1538-4357/aa6aa4},
archivePrefix = {arXiv},
       eprint = {1703.07031},
 primaryClass = {astro-ph.SR},
       adsurl = {https://ui.adsabs.harvard.edu/abs/2017ApJ...839...92R},
      adsnote = {Provided by the SAO/NASA Astrophysics Data System}
}

@ARTICLE{Giampapa06,
       author = {{Giampapa}, Mark S. and {Hall}, Jeffrey C. and {Radick}, Richard R. and {Baliunas}, Sallie L.},
        title = "{A Survey of Chromospheric Activity in the Solar-Type Stars in the Open Cluster M67}",
      journal = {\apj},
     keywords = {Galaxy: Open Clusters and Associations: Individual: Messier Number: M67, open clusters and associations: individual (NGC 2682), Stars: Activity, Stars: Chromospheres, Sun: Activity, Astrophysics},
         year = 2006,
        month = nov,
       volume = {651},
       number = {1},
        pages = {444-461},
          doi = {10.1086/507624},
archivePrefix = {arXiv},
       eprint = {astro-ph/0607313},
 primaryClass = {astro-ph},
       adsurl = {https://ui.adsabs.harvard.edu/abs/2006ApJ...651..444G},
      adsnote = {Provided by the SAO/NASA Astrophysics Data System}
}

@ARTICLE{Bellini10,
       author = {{Bellini}, A. and {Bedin}, L.~R. and {Pichardo}, B. and {Moreno}, E. and {Allen}, C. and {Piotto}, G. and {Anderson}, J.},
        title = "{Absolute proper motion of the Galactic open cluster M 67}",
      journal = {\aap},
     keywords = {astrometry, open cluster and associations: NGC 2682 (M 67), Galaxy: kinematics and dynamics, Astrophysics - Galaxy Astrophysics},
         year = 2010,
        month = apr,
       volume = {513},
          eid = {A51},
        pages = {A51},
          doi = {10.1051/0004-6361/200913882},
archivePrefix = {arXiv},
       eprint = {1005.0840},
 primaryClass = {astro-ph.GA},
       adsurl = {https://ui.adsabs.harvard.edu/abs/2010A&A...513A..51B},
      adsnote = {Provided by the SAO/NASA Astrophysics Data System}
}

@ARTICLE{Meibom11,
       author = {{Meibom}, S{\o}ren and {Barnes}, Sydney A. and {Latham}, David W. and {Batalha}, Natalie and {Borucki}, William J. and {Koch}, David G. and {Basri}, Gibor and {Walkowicz}, Lucianne M. and {Janes}, Kenneth A. and {Jenkins}, Jon and {Van Cleve}, Jeffrey and {Haas}, Michael R. and {Bryson}, Stephen T. and {Dupree}, Andrea K. and {Furesz}, Gabor and {Szentgyorgyi}, Andrew H. and {Buchhave}, Lars A. and {Clarke}, Bruce D. and {Twicken}, Joseph D. and {Quintana}, Elisa V.},
        title = "{The Kepler Cluster Study: Stellar Rotation in NGC 6811}",
      journal = {\apjl},
     keywords = {open clusters and associations: individual: NGC 6811, stars: activity, stars: late-type, starspots, stars: rotation, Astrophysics - Solar and Stellar Astrophysics},
         year = 2011,
        month = may,
       volume = {733},
       number = {1},
          eid = {L9},
        pages = {L9},
          doi = {10.1088/2041-8205/733/1/L9},
archivePrefix = {arXiv},
       eprint = {1104.2912},
 primaryClass = {astro-ph.SR},
       adsurl = {https://ui.adsabs.harvard.edu/abs/2011ApJ...733L...9M},
      adsnote = {Provided by the SAO/NASA Astrophysics Data System}
}

@ARTICLE{Janes13,
       author = {{Janes}, Kenneth and {Barnes}, Sydney A. and {Meibom}, S{\o}ren and {Hoq}, Sadia},
        title = "{NGC 6811: An Intermediate-age Cluster in the Kepler Field}",
      journal = {\aj},
     keywords = {Hertzsprung-Russell and C-M diagrams, methods: data analysis, open clusters and associations: individual: NGC 6811},
         year = 2013,
        month = jan,
       volume = {145},
       number = {1},
          eid = {7},
        pages = {7},
          doi = {10.1088/0004-6256/145/1/7},
       adsurl = {https://ui.adsabs.harvard.edu/abs/2013AJ....145....7J},
      adsnote = {Provided by the SAO/NASA Astrophysics Data System}
}

@ARTICLE{Jeffries13,
       author = {{Jeffries}, R.~D. and {Naylor}, Tim and {Mayne}, N.~J. and {Bell}, Cameron P.~M. and {Littlefair}, S.~P.},
        title = "{A lithium depletion boundary age of 22 Myr for NGC 1960}",
      journal = {\mnras},
     keywords = {stars: pre-main-sequence, open clusters and associations: individual: NGC 1960, Astrophysics - Solar and Stellar Astrophysics},
         year = 2013,
        month = sep,
       volume = {434},
       number = {3},
        pages = {2438-2450},
          doi = {10.1093/mnras/stt1180},
archivePrefix = {arXiv},
       eprint = {1306.6339},
 primaryClass = {astro-ph.SR},
       adsurl = {https://ui.adsabs.harvard.edu/abs/2013MNRAS.434.2438J},
      adsnote = {Provided by the SAO/NASA Astrophysics Data System}
}

@ARTICLE{Brandt15,
       author = {{Brandt}, Timothy D. and {Huang}, Chelsea X.},
        title = "{The Age and Age Spread of the Praesepe and Hyades Clusters: a Consistent, \raisebox{-0.5ex}\textasciitilde800 Myr Picture from Rotating Stellar Models}",
      journal = {\apj},
     keywords = {galaxies: clusters: individual: Hyades, Praesepe, Hertzsprungâ”€Russell and Câ”€M diagrams, methods: statistical, stars: early-type, stars: evolution, Astrophysics - Solar and Stellar Astrophysics},
         year = 2015,
        month = jul,
       volume = {807},
       number = {1},
          eid = {24},
        pages = {24},
          doi = {10.1088/0004-637X/807/1/24},
archivePrefix = {arXiv},
       eprint = {1504.00004},
 primaryClass = {astro-ph.SR},
       adsurl = {https://ui.adsabs.harvard.edu/abs/2015ApJ...807...24B},
      adsnote = {Provided by the SAO/NASA Astrophysics Data System}
}

@ARTICLE{Moya18,
       author = {{Moya}, Andy and {Zuccarino}, Federico and {Chaplin}, William J. and {Davies}, Guy R.},
        title = "{Empirical Relations for the Accurate Estimation of Stellar Masses and Radii}",
      journal = {\apjs},
     keywords = {methods: data analysis, methods: statistical, stars: fundamental parameters, Astrophysics - Solar and Stellar Astrophysics, Astrophysics - Earth and Planetary Astrophysics},
         year = 2018,
        month = aug,
       volume = {237},
       number = {2},
          eid = {21},
        pages = {21},
          doi = {10.3847/1538-4365/aacdae},
archivePrefix = {arXiv},
       eprint = {1806.06574},
 primaryClass = {astro-ph.SR},
       adsurl = {https://ui.adsabs.harvard.edu/abs/2018ApJS..237...21M},
      adsnote = {Provided by the SAO/NASA Astrophysics Data System}
}

@BOOK{Breiman1984,
  address = {Monterey, CA},
  author = {Breiman, L. and Friedman, J. H. and Olshen, R. A. and Stone, C. J.},
  publisher = {Wadsworth and Brooks},
  title = {Classification and Regression Trees},
  year = {1984}
}

@ARTICLE{Breiman2001,
 title={Random Forests},
 author={Breiman, L.},
 journal={Machine Learning},
 volume={5},
 pages={5--32},
 year={2001}
}

@ARTICLE{LIBSVM,
 author = {Chang, Chih-Chung and Lin, Chih-Jen},
 title = {{LIBSVM}: A library for support vector machines},
 journal = {ACM Transactions on Intelligent Systems and Technology},
 volume = {2},
 issue = {3},
 year = {2011},
 pages = {27:1--27:27},
 note =	 {Software available at \url{http://www.csie.ntu.edu.tw/~cjlin/libsvm}}
}

@BOOK{Rasmussen2006,
  author = {Carl Eduard Rasmussen and Christopher K.I. Williams},
  publisher = {MIT Press},
  title = {Gaussian Processes for Machine Learning},
  year = {2006}
}

@INBOOK{LeCun2012,
author={LeCun, Y. and Bottou, L. and Orr, G. and M{\"u}ller, K.-R.},
title={Efficient BackProp},
bookTitle={Neural Networks: Tricks of the Trade: Second Edition},
year={2012},
publisher={Springer Berlin Heidelberg},
pages={9--48}
}

@ARTICLE{sgd,
 author = {Herbert Robbins and Sutton Monro},
 title = {A Stochastic Approximation Method},
 journal = {The Annals of Mathematical Statistics},
 volume = {22},
 issue = {3},
 year = {1951},
 pages = {400--407}
}

@ARTICLE{Wolpert1992,
title = {Stacked generalization},
journal = {Neural Networks},
volume = {5},
number = {2},
pages = {241--259},
year = {1992},
issn = {0893-6080},
doi = {https://doi.org/10.1016/S0893-6080(05)80023-1},
author = {David H. Wolpert}
}

@ARTICLE{scikit-learn,
 title={Scikit-learn: Machine Learning in {P}ython},
 author={Pedregosa, F. and Varoquaux, G. and Gramfort, A. and Michel, V.
         and Thirion, B. and Grisel, O. and Blondel, M. and Prettenhofer, P.
         and Weiss, R. and Dubourg, V. and Vanderplas, J. and Passos, A. and
         Cournapeau, D. and Brucher, M. and Perrot, M. and Duchesnay, E.},
 journal={Journal of Machine Learning Research},
 volume={12},
 pages={2825--2830},
 year={2011}
}

@ARTICLE{Soderblom15,
       author = {{Soderblom}, David},
        title = "{Astrophysics: Stellar clocks}",
      journal = {\nat},
         year = 2015,
        month = jan,
       volume = {517},
       number = {7536},
        pages = {557-558},
          doi = {10.1038/517557a},
       adsurl = {https://ui.adsabs.harvard.edu/abs/2015Natur.517..557S},
      adsnote = {Provided by the SAO/NASA Astrophysics Data System}
}

@ARTICLE{Soderblom10,
       author = {{Soderblom}, David R.},
        title = "{The Ages of Stars}",
      journal = {\araa},
     keywords = {Astrophysics - Solar and Stellar Astrophysics},
         year = 2010,
        month = sep,
       volume = {48},
        pages = {581-629},
          doi = {10.1146/annurev-astro-081309-130806},
archivePrefix = {arXiv},
       eprint = {1003.6074},
 primaryClass = {astro-ph.SR},
       adsurl = {https://ui.adsabs.harvard.edu/abs/2010ARA&A..48..581S},
      adsnote = {Provided by the SAO/NASA Astrophysics Data System}
}

@ARTICLE{Barnes03,
       author = {{Barnes}, Sydney A.},
        title = "{On the Rotational Evolution of Solar- and Late-Type Stars, Its Magnetic Origins, and the Possibility of Stellar Gyrochronology}",
      journal = {\apj},
     keywords = {Galaxy: Open Clusters and Associations: General, Stars: Evolution, Stars: Interiors, Stars: Late-Type, Stars: Magnetic Fields, Stars: Rotation, Astrophysics},
         year = 2003,
        month = mar,
       volume = {586},
       number = {1},
        pages = {464-479},
          doi = {10.1086/367639},
archivePrefix = {arXiv},
       eprint = {astro-ph/0303631},
 primaryClass = {astro-ph},
       adsurl = {https://ui.adsabs.harvard.edu/abs/2003ApJ...586..464B},
      adsnote = {Provided by the SAO/NASA Astrophysics Data System}
}

@ARTICLE{Schatzman62,
       author = {{Schatzman}, E.},
        title = "{A theory of the role of magnetic activity during star formation}",
      journal = {Annales d'Astrophysique},
         year = 1962,
        month = feb,
       volume = {25},
        pages = {18},
       adsurl = {https://ui.adsabs.harvard.edu/abs/1962AnAp...25...18S},
      adsnote = {Provided by the SAO/NASA Astrophysics Data System}
}

@ARTICLE{Belcher76,
       author = {{Belcher}, J.~W. and {MacGregor}, K.~B.},
        title = "{Magnetic acceleration of winds from solar-type stars.}",
      journal = {\apj},
     keywords = {Angular Momentum, Magnetic Effects, Mass Transfer, Stellar Rotation, Stellar Winds, Convection, Hydrogen, Magnetohydrodynamic Stability, Momentum Transfer, Nonrelativistic Mechanics, Particle Acceleration, Stellar Magnetic Fields, Astrophysics},
         year = 1976,
        month = dec,
       volume = {210},
        pages = {498-507},
          doi = {10.1086/154853},
       adsurl = {https://ui.adsabs.harvard.edu/abs/1976ApJ...210..498B},
      adsnote = {Provided by the SAO/NASA Astrophysics Data System}
}

@ARTICLE{Kawaler88,
       author = {{Kawaler}, Steven D.},
        title = "{Angular Momentum Loss in Low-Mass Stars}",
      journal = {\apj},
     keywords = {Angular Momentum, Stellar Mass Ejection, Stellar Models, Stellar Rotation, Stellar Winds, Pre-Main Sequence Stars, Stellar Evolution, Stellar Interiors, Stellar Magnetic Fields, Astrophysics, STARS: PRE--MAIN-SEQUENCE, STARS: ROTATION, STARS: WINDS},
         year = 1988,
        month = oct,
       volume = {333},
        pages = {236},
          doi = {10.1086/166740},
       adsurl = {https://ui.adsabs.harvard.edu/abs/1988ApJ...333..236K},
      adsnote = {Provided by the SAO/NASA Astrophysics Data System}
}

@ARTICLE{Mestel68,
       author = {{Mestel}, L.},
        title = "{Magnetic braking by a stellar wind-I}",
      journal = {\mnras},
         year = 1968,
        month = jan,
       volume = {138},
        pages = {359},
          doi = {10.1093/mnras/138.3.359},
       adsurl = {https://ui.adsabs.harvard.edu/abs/1968MNRAS.138..359M},
      adsnote = {Provided by the SAO/NASA Astrophysics Data System}
}

@ARTICLE{Mestel87,
       author = {{Mestel}, L. and {Spruit}, H.~C.},
        title = "{On magnetic braking of late-type stars}",
      journal = {\mnras},
     keywords = {Late Stars, Magnetic Effects, Spin Reduction, Stellar Rotation, Stellar Winds, Angular Momentum, Lines Of Force, Momentum Transfer, Astrophysics},
         year = 1987,
        month = may,
       volume = {226},
        pages = {57-66},
          doi = {10.1093/mnras/226.1.57},
       adsurl = {https://ui.adsabs.harvard.edu/abs/1987MNRAS.226...57M},
      adsnote = {Provided by the SAO/NASA Astrophysics Data System}
}

@ARTICLE{Weber67,
       author = {{Weber}, Edmund J. and {Davis}, Leverett, Jr.},
        title = "{The Angular Momentum of the Solar Wind}",
      journal = {\apj},
         year = 1967,
        month = apr,
       volume = {148},
        pages = {217-227},
          doi = {10.1086/149138},
       adsurl = {https://ui.adsabs.harvard.edu/abs/1967ApJ...148..217W},
      adsnote = {Provided by the SAO/NASA Astrophysics Data System}
}

@ARTICLE{Skumanich72,
       author = {{Skumanich}, A.},
        title = "{Time Scales for Ca II Emission Decay, Rotational Braking, and Lithium Depletion}",
      journal = {\apj},
         year = 1972,
        month = feb,
       volume = {171},
        pages = {565},
          doi = {10.1086/151310},
       adsurl = {https://ui.adsabs.harvard.edu/abs/1972ApJ...171..565S},
      adsnote = {Provided by the SAO/NASA Astrophysics Data System}
}

@ARTICLE{Barnes16,
       author = {{Barnes}, Sydney A. and {Weingrill}, Joerg and {Fritzewski}, Dario and {Strassmeier}, Klaus G. and {Platais}, Imants},
        title = "{Rotation Periods for Cool Stars in the 4 Gyr old Open Cluster M67, The Solar-Stellar Connection, and the Applicability of Gyrochronology to at least Solar Age}",
      journal = {\apj},
     keywords = {open clusters and associations: individual: M67, NGC 2682, stars: activity, stars: evolution, stars: rotation, stars: solar-type, starspots, Astrophysics - Solar and Stellar Astrophysics},
         year = 2016,
        month = may,
       volume = {823},
       number = {1},
          eid = {16},
        pages = {16},
          doi = {10.3847/0004-637X/823/1/16},
archivePrefix = {arXiv},
       eprint = {1603.09179},
 primaryClass = {astro-ph.SR},
       adsurl = {https://ui.adsabs.harvard.edu/abs/2016ApJ...823...16B},
      adsnote = {Provided by the SAO/NASA Astrophysics Data System}
}

@ARTICLE{Soderblom15,
       author = {{Soderblom}, David},
        title = "{Astrophysics: Stellar clocks}",
      journal = {\nat},
         year = 2015,
        month = jan,
       volume = {517},
       number = {7536},
        pages = {557-558},
          doi = {10.1038/517557a},
       adsurl = {https://ui.adsabs.harvard.edu/abs/2015Natur.517..557S},
      adsnote = {Provided by the SAO/NASA Astrophysics Data System}
}

@ARTICLE{Angus20,
       author = {{Angus}, Ruth and {Beane}, Angus and {Price-Whelan}, Adrian M. and {Newton}, Elisabeth and {Curtis}, Jason L. and {Berger}, Travis and {van Saders}, Jennifer and {Kiman}, Rocio and {Foreman-Mackey}, Daniel and {Lu}, Yuxi Lucy and {Anderson}, Lauren and {Faherty}, Jacqueline K.},
        title = "{Exploring the Evolution of Stellar Rotation Using Galactic Kinematics}",
      journal = {\aj},
     keywords = {Stellar evolution, Low mass stars, Late-type stars, Stellar phenomena, Solar analogs, Stellar activity, Milky Way disk, Milky Way dynamics, Stellar magnetic fields, 1599, 2050, 909, 1619, 1941, 1580, 1050, 1051, 1610, Astrophysics - Solar and Stellar Astrophysics, Astrophysics - Astrophysics of Galaxies},
         year = 2020,
        month = aug,
       volume = {160},
       number = {2},
          eid = {90},
        pages = {90},
          doi = {10.3847/1538-3881/ab91b2},
archivePrefix = {arXiv},
       eprint = {2005.09387},
 primaryClass = {astro-ph.SR},
       adsurl = {https://ui.adsabs.harvard.edu/abs/2020AJ....160...90A},
      adsnote = {Provided by the SAO/NASA Astrophysics Data System}
}

@ARTICLE{Angus19,
       author = {{Angus}, Ruth and {Morton}, Timothy D. and {Foreman-Mackey}, Daniel and {van Saders}, Jennifer and {Curtis}, Jason and {Kane}, Stephen R. and {Bedell}, Megan and {Kiman}, Rocio and {Hogg}, David W. and {Brewer}, John},
        title = "{Toward Precise Stellar Ages: Combining Isochrone Fitting with Empirical Gyrochronology}",
      journal = {\aj},
     keywords = {Hertzsprungâ”€Russell and Câ”€M diagrams, methods: statistical, stars: evolution, stars: fundamental parameters, stars: low-mass, stars: rotation, Astrophysics - Solar and Stellar Astrophysics, Astrophysics - Earth and Planetary Astrophysics},
         year = 2019,
        month = nov,
       volume = {158},
       number = {5},
          eid = {173},
        pages = {173},
          doi = {10.3847/1538-3881/ab3c53},
archivePrefix = {arXiv},
       eprint = {1908.07528},
 primaryClass = {astro-ph.SR},
       adsurl = {https://ui.adsabs.harvard.edu/abs/2019AJ....158..173A},
      adsnote = {Provided by the SAO/NASA Astrophysics Data System}
}

@ARTICLE{Angus15,
       author = {{Angus}, Ruth and {Aigrain}, Suzanne and {Foreman-Mackey}, Daniel and {McQuillan}, Amy},
        title = "{Calibrating gyrochronology using Kepler asteroseismic targets}",
      journal = {\mnras},
     keywords = {methods: statistical, stars: evolution, stars: fundamental parameters, stars: oscillations, stars: rotation, stars: solar-type, Astrophysics - Earth and Planetary Astrophysics, Astrophysics - Solar and Stellar Astrophysics},
         year = 2015,
        month = jun,
       volume = {450},
       number = {2},
        pages = {1787-1798},
          doi = {10.1093/mnras/stv423},
archivePrefix = {arXiv},
       eprint = {1502.06965},
 primaryClass = {astro-ph.EP},
       adsurl = {https://ui.adsabs.harvard.edu/abs/2015MNRAS.450.1787A},
      adsnote = {Provided by the SAO/NASA Astrophysics Data System}
}

@ARTICLE{Metcalfe19,
       author = {{Metcalfe}, Travis S. and {Egeland}, Ricky},
        title = "{Understanding the Limitations of Gyrochronology for Old Field Stars}",
      journal = {\apj},
     keywords = {stars: activity, stars: evolution, stars: magnetic field, stars: rotation, stars: solar-type, Astrophysics - Solar and Stellar Astrophysics, Astrophysics - Earth and Planetary Astrophysics},
         year = 2019,
        month = jan,
       volume = {871},
       number = {1},
          eid = {39},
        pages = {39},
          doi = {10.3847/1538-4357/aaf575},
archivePrefix = {arXiv},
       eprint = {1811.11905},
 primaryClass = {astro-ph.SR},
       adsurl = {https://ui.adsabs.harvard.edu/abs/2019ApJ...871...39M},
      adsnote = {Provided by the SAO/NASA Astrophysics Data System}
}

@ARTICLE{Saders16,
       author = {{van Saders}, Jennifer L. and {Ceillier}, Tugdual and {Metcalfe}, Travis S. and {Silva Aguirre}, Victor and {Pinsonneault}, Marc H. and {Garc{\'\i}a}, Rafael A. and {Mathur}, Savita and {Davies}, Guy R.},
        title = "{Weakened magnetic braking as the origin of anomalously rapid rotation in old field stars}",
      journal = {\nat},
     keywords = {Astrophysics - Solar and Stellar Astrophysics},
         year = 2016,
        month = jan,
       volume = {529},
       number = {7585},
        pages = {181-184},
          doi = {10.1038/nature16168},
archivePrefix = {arXiv},
       eprint = {1601.02631},
 primaryClass = {astro-ph.SR},
       adsurl = {https://ui.adsabs.harvard.edu/abs/2016Natur.529..181V},
      adsnote = {Provided by the SAO/NASA Astrophysics Data System}
}

@INPROCEEDINGS{2020AAS...23633104M,
       author = {{McBride}, A. and {Lingg}, R. and {Kounkel}, M. and {Hutchinson}, B. and {Covey}, K. and {Howard}, E. and {Olney}, R.},
        title = "{Predicting Young Stellar Ages with Machine Learning}",
    booktitle = {American Astronomical Society Meeting Abstracts \#236},
         year = 2020,
       series = {American Astronomical Society Meeting Abstracts},
       volume = {236},
        month = jun,
          eid = {331.04},
        pages = {331.04},
       adsurl = {https://ui.adsabs.harvard.edu/abs/2020AAS...23633104M},
      adsnote = {Provided by the SAO/NASA Astrophysics Data System}
}

@ARTICLE{Jadhav_2021,
   title={UOCS â€“ III. UVIT catalogue of open clusters with machine learning-based membership using Gaia EDR3 astrometry},
   volume={503},
   ISSN={1365-2966},
   url={http://dx.doi.org/10.1093/mnras/stab213},
   DOI={10.1093/mnras/stab213},
   number={1},
   journal={Monthly Notices of the Royal Astronomical Society},
   publisher={Oxford University Press (OUP)},
   author={Jadhav, Vikrant V and Pennock, Clara M and Subramaniam, Annapurni and Sagar, Ram and Nayak, Prasanta Kumar},
   year={2021},
   month={Jan},
   pages={236â€“253}
}

@misc{finn2017modelagnostic,
      title={Model-Agnostic Meta-Learning for Fast Adaptation of Deep Networks}, 
      author={Chelsea Finn and Pieter Abbeel and Sergey Levine},
      year={2017},
      eprint={1703.03400},
      archivePrefix={arXiv},
      primaryClass={cs.LG}
}

@misc{nichol2018firstorder,
      title={On First-Order Meta-Learning Algorithms}, 
      author={Alex Nichol and Joshua Achiam and John Schulman},
      year={2018},
      eprint={1803.02999},
      archivePrefix={arXiv},
      primaryClass={cs.LG}
}

@misc{yao2021metalearning,
      title={Meta-Learning with Fewer Tasks through Task Interpolation}, 
      author={Huaxiu Yao and Linjun Zhang and Chelsea Finn},
      year={2021},
      eprint={2106.02695},
      archivePrefix={arXiv},
      primaryClass={cs.LG}
}


