% This file was created with JabRef 2.4.2.
% Encoding: UTF8

@ARTICLE{Soderblom2010,
  author = {David R. Soderblom},
  title = {The Ages of Stars},
  journal = {Annual Reviews of Astronomy and Astrophysics},
  year = {2010},
  timestamp = {2010.03.31}
}

@ARTICLE{Angus2019,
  author = {Ruth Angus, Timothy D. Morton, Daniel Foreman-Mackey, Jennifer van Saders, Jason Curtis, Stephen R. Kane, Megan Bedell, Rocio Kiman, David W. Hogg and John Brewer},
  title = {Toward Precise Stellar Ages: Combining Isochrone Fitting with Empirical Gyrochronology},
  journal = {The Astronomical Journal},
  year = {2019},
  timestamp = {2019.10.10}
}

@ARTICLE{Das2018,
  author = {Payel Das and Jason L. Sanders},
  title = {MADE: a spectroscopic mass, age, and distance estimator for red giant stars with Bayesian machine learning},
  journal = {Monthly Notices of the Royal Astronomical Society},
  year = {2018},
  timestamp = {2018.10.26}
}

@comment{jabref-meta: selector_publisher:}

@comment{jabref-meta: selector_author:}

@comment{jabref-meta: selector_journal:}

@comment{jabref-meta: selector_keywords:}

